% Ejemplo de Bibliografía
% Recomendado usar Encoding: UTF-8
% Se sugiere usar Jabref para gestionor sus referencias (obtener los datos correctos a partir de ISBN/ISSN o DOI)
% Se recomienda que el identificador sea Authoy_Year o Authoryear para facilidad de ver cita en el texto TeX

% Minimal bibliography used for compilation checks

@Article{Angeli2008,
  author  = {Angeli, A. and Filliat, D. and Doncieux, S. and Meyer, J.},
  title   = {Fast and Incremental Method for Loop-Closure Detection Using Bags of Visual Words},
  journal = {IEEE Transactions on Robotics},
  year    = {2008},
  volume  = {24},
  number  = {5},
  pages   = {1027--1037},
  doi     = {10.1109/TRO.2008.2004514},
}

@Article{Choset_2001,
  author  = {Choset, H. and Nagatani, K.},
  title   = {Topological simultaneous localization and mapping (SLAM): toward exact localization without explicit localization},
  journal = {IEEE Transactions on Robotics and Automation},
  year    = {2001},
  volume  = {17},
  number  = {2},
  pages   = {125--137},
}

@PHDTHESIS{Galante01,
  author = {Galante, R.},
  title  = {Evolución de Esquemas en Bancos de Datos Orientados a Objetos con el empleo de versiones},
  school = {Instituto de Informática-UFRGS},
  year   = {2001},
}

@ARTICLE{Mateos00,
  author  = {Mateos, G. and García, M. and Ortín, M.},
  title   = {Inclusión de vistas en ODMG},
  journal = {Jornadas de Ingeniería del Software y Bases de Datos (JISBD 2000)},
  pages   = {383--395},
  year    = {2000},
}